<?xml version="1.0" encoding="UTF-8"?>
<collection xmlns:xsi="http://www.w3.org/2001/XMLSchema-instance" xsi:schemaLocation="http://www.loc.gov/MARC21/slim http://www.loc.gov/standards/marcxml/schema/MARC21slim.xsd" xmlns="http://www.loc.gov/MARC21/slim">
<record>
  <leader>01882cam a2200385Ma 4500</leader>
  <controlfield tag="001">4271889</controlfield>
  <controlfield tag="003">NNC</controlfield>
  <controlfield tag="005">20130520210405.0</controlfield>
  <controlfield tag="008">910107s1964    iq a     b   f001 0 ara d</controlfield>
  <datafield tag="035" ind1=" " ind2=" ">
    <subfield code="a">(OCoLC)ocm23120020</subfield>
  </datafield>
  <datafield tag="035" ind1=" " ind2=" ">
    <subfield code="a">(NNC)4271889</subfield>
  </datafield>
  <datafield tag="035" ind1=" " ind2=" ">
    <subfield code="a">4271889</subfield>
  </datafield>
  <datafield tag="040" ind1=" " ind2=" ">
    <subfield code="a">NYP</subfield>
    <subfield code="c">NYP</subfield>
    <subfield code="d">OCL</subfield>
    <subfield code="d">OCLCQ</subfield>
    <subfield code="d">ZCU</subfield>
  </datafield>
  <datafield tag="041" ind1="1" ind2=" ">
    <subfield code="a">ara</subfield>
    <subfield code="h">per</subfield>
  </datafield>
  <datafield tag="043" ind1=" " ind2=" ">
    <subfield code="a">ma-----</subfield>
  </datafield>
  <datafield tag="099" ind1=" " ind2=" ">
    <subfield code="a">956</subfield>
    <subfield code="a">Ir32</subfield>
    <subfield code="a">no.1</subfield>
  </datafield>
  <datafield tag="100" ind1="1" ind2=" ">
    <subfield code="a">Balkhī, ʻAbd al-Muʼmin.</subfield>
  </datafield>
  <datafield tag="240" ind1="1" ind2="0">
    <subfield code="a">Bayān al-maqāmāt al-ʻalīyah maʻa al-furūʻ wa-al-awzān al-aṣlīyah.</subfield>
    <subfield code="l">Arabic</subfield>
  </datafield>
  <datafield tag="245" ind1="1" ind2="3">
    <subfield code="a">al-Durr al-naqī fī ʻilm al-mūsīqī /</subfield>
    <subfield code="c">taʾlīf Aḥmad ibn ʻAbd al-Raḥmān al-Qādirī al-Rifāʻī al-shahīr bi-al-Musallam al-Mawṣilī ; qaddama lahu wa-ʻallaqa ʻalayh Jalāl al-Ḥanafī.</subfield>
  </datafield>
  <datafield tag="260" ind1=" " ind2=" ">
    <subfield code="a">[Baghdad?] :</subfield>
    <subfield code="b">Wizārat al-Thaqāfah wa-al-Irshād, Mudīrīyat al-Thaqāfah al-ʻĀmmah,</subfield>
    <subfield code="c">1964</subfield>
    <subfield code="e">(Baghdād :</subfield>
    <subfield code="f">Maṭbaʻat Dār al-Jumhūrīyah)</subfield>
  </datafield>
  <datafield tag="300" ind1=" " ind2=" ">
    <subfield code="a">37 p. :</subfield>
    <subfield code="b">ill. ;</subfield>
    <subfield code="c">24 cm.</subfield>
  </datafield>
  <datafield tag="490" ind1="1" ind2=" ">
    <subfield code="a">Silsilat al-kutub al-turāth ;</subfield>
    <subfield code="v">1</subfield>
  </datafield>
  <datafield tag="500" ind1=" " ind2=" ">
    <subfield code="a">In Arabic.</subfield>
  </datafield>
  <datafield tag="504" ind1=" " ind2=" ">
    <subfield code="a">Includes bibliographical references and indexes.</subfield>
  </datafield>
  <datafield tag="500" ind1=" " ind2=" ">
    <subfield code="a">Translation of Bayān al-maqāmāt al-ʻalīyah maʻa al-furūʻ wa-al-awzān al-aṣlīyah.</subfield>
  </datafield>
  <datafield tag="500" ind1=" " ind2=" ">
    <subfield code="a">Intro. also in English.</subfield>
  </datafield>
  <datafield tag="500" ind1=" " ind2=" ">
    <subfield code="a">Original title and author given in introduction, p. 4.</subfield>
  </datafield>
  <datafield tag="500" ind1=" " ind2=" ">
    <subfield code="a">Title on p. [4] of cover: al-Durr al-naki fi ilm al-musiki.</subfield>
  </datafield>
  <datafield tag="500" ind1=" " ind2=" ">
    <subfield code="a">"Ṣadara bi-munāsabat inʻiqād al-Muʾtamar al-Dawlī lil-Mūsīqá al-ʻArabīyah bi-Baghdād, [24 Rajab 1384 H-28 Tishrīn al-Thānī 1964 M]."</subfield>
  </datafield>
  <datafield tag="650" ind1=" " ind2="0">
    <subfield code="a">Music</subfield>
    <subfield code="z">Arab countries</subfield>
    <subfield code="v">Early works to 1800.</subfield>
  </datafield>
  <datafield tag="700" ind1="1" ind2=" ">
    <subfield code="a">Musallam al-Mawṣilī, Aḥmad ibn ʻAbd al-Raḥmān,</subfield>
    <subfield code="d">-1708.</subfield>
  </datafield>
  <datafield tag="700" ind1="1" ind2=" ">
    <subfield code="a">Ḥanafī, Jalāl.</subfield>
  </datafield>
  <datafield tag="740" ind1="0" ind2="1">
    <subfield code="a">Durr al-naki fi ilm al-musiki.</subfield>
  </datafield>
  <datafield tag="830" ind1=" " ind2="0">
    <subfield code="a">Silsilat al-kutub al-turāth ;</subfield>
    <subfield code="v">1.</subfield>
  </datafield>
  <datafield tag="955" ind1=" " ind2=" ">
    <subfield code="b">0026813246</subfield>
    <subfield code="d">glx</subfield>
    <subfield code="e">956 Ir32 no.1</subfield>
  </datafield>
</record>
</collection>